<?xml version="1.0" encoding="UTF-8"?>
<record>
  <leader>01399nam#a2200337#cc4500</leader>
  <controlfield tag="005">20230210083109.0</controlfield>
  <controlfield tag="007">tu</controlfield>
  <controlfield tag="008">171107|1976####ii############|||#|#hin#c</controlfield>
  <controlfield tag="003">DE-605</controlfield>
  <controlfield tag="001">990220027540206441</controlfield>
  <datafield tag="016" ind1="7" ind2=" ">
    <subfield code="a">1073819734</subfield>
    <subfield code="2">OCoLC</subfield>
  </datafield>
  <datafield tag="035" ind1=" " ind2=" ">
    <subfield code="a">(DE-605)HT019496555</subfield>
  </datafield>
  <datafield tag="040" ind1=" " ind2=" ">
    <subfield code="a">5/141</subfield>
    <subfield code="b">ger</subfield>
    <subfield code="e">rda</subfield>
  </datafield>
  <datafield tag="041" ind1=" " ind2=" ">
    <subfield code="a">hin</subfield>
  </datafield>
  <datafield tag="044" ind1=" " ind2=" ">
    <subfield code="c">XB-IN</subfield>
  </datafield>
  <datafield tag="245" ind1="0" ind2="0">
    <subfield code="a">Keśava kośa</subfield>
    <subfield code="n">Pahala khaṇḍa</subfield>
    <subfield code="c">Saṃpādaka ḍā. Vijayapāla Siṃha, ema.e. (Hindī), ema.e. (Saṃskṛta), pī.eca.ḍī, ḍī.liṭ. (ācārya evaṃ adhyakṣa, Hindī vibhāga, Kāśī Hindū Viśvavidyālaya, Vārāṇasī)</subfield>
  </datafield>
  <datafield tag="250" ind1=" " ind2=" ">
    <subfield code="a">Prathama saṃskaraṇa</subfield>
  </datafield>
  <datafield tag="264" ind1=" " ind2="1">
    <subfield code="c">saṃ. 2033 vi.</subfield>
  </datafield>
  <datafield tag="300" ind1=" " ind2=" ">
    <subfield code="a">9, 409 Seiten</subfield>
  </datafield>
  <datafield tag="336" ind1=" " ind2=" ">
    <subfield code="b">txt</subfield>
  </datafield>
  <datafield tag="337" ind1=" " ind2=" ">
    <subfield code="b">n</subfield>
  </datafield>
  <datafield tag="338" ind1=" " ind2=" ">
    <subfield code="b">nc</subfield>
  </datafield>
  <datafield tag="035" ind1=" " ind2=" ">
    <subfield code="a">(OCoLC)1073819734</subfield>
  </datafield>
  <datafield tag="035" ind1=" " ind2=" ">
    <subfield code="a">(DE-599)HBZHT019496555</subfield>
  </datafield>
  <datafield tag="964" ind1="0" ind2="s">
    <subfield code="F">030</subfield>
    <subfield code="A">a|zur||||||||</subfield>
  </datafield>
  <datafield tag="964" ind1="0" ind2="s">
    <subfield code="F">050</subfield>
    <subfield code="A">a|||||||||||||</subfield>
  </datafield>
  <datafield tag="700" ind1="1" ind2=" ">
    <subfield code="a">Siṃha, Vijayapāla</subfield>
    <subfield code="d">1923-</subfield>
    <subfield code="0">(DE-588)1073651207</subfield>
    <subfield code="4">edt</subfield>
    <subfield code="9">O:H</subfield>
    <subfield code="0">https://portal.dnb.de/opac.htm?method=simpleSearch&amp;cqlMode=true&amp;query=idn=1073651207</subfield>
    <subfield code="0">http://viaf.org/viaf/sourceID/DNB|1073651207</subfield>
    <subfield code="B">GND-1073651207</subfield>
  </datafield>
  <datafield tag="700" ind1="0" ind2=" ">
    <subfield code="a">Kesávadāsa</subfield>
    <subfield code="d">1555-1617</subfield>
    <subfield code="0">(DE-588)118988042</subfield>
    <subfield code="4">oth</subfield>
    <subfield code="9">O:H</subfield>
    <subfield code="0">https://portal.dnb.de/opac.htm?method=simpleSearch&amp;cqlMode=true&amp;query=idn=118988042</subfield>
    <subfield code="0">http://viaf.org/viaf/sourceID/DNB|118988042</subfield>
    <subfield code="B">GND-118988042</subfield>
  </datafield>
  <datafield tag="773" ind1="0" ind2="8">
    <subfield code="w">(DE-605)HT019496537</subfield>
    <subfield code="q">1</subfield>
  </datafield>
  <datafield tag="655" ind1=" " ind2="7">
    <subfield code="a">Konkordanz</subfield>
    <subfield code="0">(DE-588)4165001-3</subfield>
    <subfield code="2">gnd-content</subfield>
  </datafield>
  <datafield tag="500" ind1=" " ind2=" ">
    <subfield code="a">Erscheinungsjahr nach der indischen Vikrama-Ära (saṃ. 2033=1976 n.Chr.)</subfield>
    <subfield code="9">F:501</subfield>
  </datafield>
  <datafield tag="MBD" ind1=" " ind2=" ">
    <subfield code="M">49HBZ_NETWORK</subfield>
    <subfield code="i">990220027540206441</subfield>
    <subfield code="n">HBZ Network</subfield>
  </datafield>
  <datafield tag="MBD" ind1=" " ind2=" ">
    <subfield code="M">49HBZ_ULB</subfield>
    <subfield code="i">991033781049706467</subfield>
    <subfield code="n">Universitaet Bonn</subfield>
  </datafield>
  <datafield tag="MNG" ind1=" " ind2=" ">
    <subfield code="c">System</subfield>
    <subfield code="f">ILS</subfield>
    <subfield code="i">marc21</subfield>
    <subfield code="k">01</subfield>
    <subfield code="e">false</subfield>
    <subfield code="d">2023-02-10 08:31:09 Europe/Berlin</subfield>
    <subfield code="g">022002754-HBZ01</subfield>
    <subfield code="j">60</subfield>
    <subfield code="a">import</subfield>
    <subfield code="b">2021-04-05 20:00:14 Europe/Berlin</subfield>
  </datafield>
  <datafield tag="H52" ind1="#" ind2=" ">
    <subfield code="b">AJ</subfield>
    <subfield code="c">AJ--Mag</subfield>
    <subfield code="h">491.43703 S589 K42 1976 (1)</subfield>
    <subfield code="8">22219038330006467</subfield>
  </datafield>
  <datafield tag="HOL" ind1=" " ind2=" ">
    <subfield code="b">2023-07-24 06:31:19</subfield>
    <subfield code="8">22219038330006467</subfield>
    <subfield code="M">49HBZ_ULB</subfield>
    <subfield code="g">false</subfield>
    <subfield code="a">import</subfield>
  </datafield>
  <datafield tag="ITM" ind1=" " ind2=" ">
    <subfield code="H">22219038330006467</subfield>
    <subfield code="x">AJ--Mag</subfield>
    <subfield code="f">BOOK</subfield>
    <subfield code="v">AJ--Mag</subfield>
    <subfield code="X">AMO_TL2_FIX</subfield>
    <subfield code="U">2023-07-23 12:59:00 Europe/Berlin</subfield>
    <subfield code="Y">2023-07-25 08:01:39 Europe/Berlin</subfield>
    <subfield code="h">false</subfield>
    <subfield code="n">491.43703 S589 K42 1976 (1)</subfield>
    <subfield code="G">1</subfield>
    <subfield code="M">49HBZ_ULB</subfield>
    <subfield code="s">1</subfield>
    <subfield code="d">#</subfield>
    <subfield code="V">import</subfield>
    <subfield code="L">IN-14793/1982</subfield>
    <subfield code="b">AJ-196496</subfield>
    <subfield code="O">SISIS-Ausleihzähler Migrationsjahr: 0 | SISIS-Ausleihzähler Vor-Migrationsjahr: 0 | SISIS-Ausleihzähler vorletztes Migrationsjahr: 0 | SISIS-Vormerkzähler Migrationsjahr: 0 | SISIS-Buchdaten-Aufnahmedatum: 2017-11-16</subfield>
    <subfield code="N">SISIS-ULBSystematik: 0 | SISIS-Magazindrucker: 0 | SISIS-Fernleihkonditionen: 3 | SISIS-Medientyp: 0 | Sigel: 5/141 | SISIS-Entleihbarkeit: X | SISIS-Zweigstelle: 91</subfield>
    <subfield code="a">23219038300006467</subfield>
    <subfield code="c">491.43703 S589 K42 1976 (1)</subfield>
    <subfield code="W">2023-07-24 08:31:19 Europe/Berlin</subfield>
    <subfield code="u">AJ</subfield>
    <subfield code="w">AJ</subfield>
  </datafield>
  <datafield tag="GPN" ind1="0" ind2=" ">
    <subfield code="a">Keṣava Dāsa</subfield>
    <subfield code="d">1555-1617</subfield>
    <subfield code="A">GND</subfield>
    <subfield code="B">GND-118988042</subfield>
    <subfield code="C">400</subfield>
  </datafield>
  <datafield tag="GPN" ind1="0" ind2=" ">
    <subfield code="a">Keshav Das</subfield>
    <subfield code="d">1555-1617</subfield>
    <subfield code="A">GND</subfield>
    <subfield code="B">GND-118988042</subfield>
    <subfield code="C">400</subfield>
  </datafield>
  <datafield tag="GPN" ind1="0" ind2=" ">
    <subfield code="a">Keshavdâs Sanâdhya Mishra</subfield>
    <subfield code="d">1555-1617</subfield>
    <subfield code="A">GND</subfield>
    <subfield code="B">GND-118988042</subfield>
    <subfield code="C">400</subfield>
  </datafield>
  <datafield tag="GPN" ind1="0" ind2=" ">
    <subfield code="a">Kěsavadāsamišra</subfield>
    <subfield code="d">1555-1617</subfield>
    <subfield code="A">GND</subfield>
    <subfield code="B">GND-118988042</subfield>
    <subfield code="C">400</subfield>
  </datafield>
  <datafield tag="GPN" ind1="0" ind2=" ">
    <subfield code="a">Keshavadāsa</subfield>
    <subfield code="d">1555-1617</subfield>
    <subfield code="A">GND</subfield>
    <subfield code="B">GND-118988042</subfield>
    <subfield code="C">400</subfield>
  </datafield>
  <datafield tag="GPN" ind1="0" ind2=" ">
    <subfield code="a">Keshavdâs</subfield>
    <subfield code="d">1555-1617</subfield>
    <subfield code="A">GND</subfield>
    <subfield code="B">GND-118988042</subfield>
    <subfield code="C">400</subfield>
  </datafield>
  <datafield tag="GPN" ind1="0" ind2=" ">
    <subfield code="a">Keshavdas</subfield>
    <subfield code="d">1555-1617</subfield>
    <subfield code="A">GND</subfield>
    <subfield code="B">GND-118988042</subfield>
    <subfield code="C">400</subfield>
  </datafield>
  <datafield tag="GSI" ind1="7" ind2=" ">
    <subfield code="a">118988042</subfield>
    <subfield code="0">http://d-nb.info/gnd/118988042</subfield>
    <subfield code="2">gnd</subfield>
    <subfield code="A">GND</subfield>
    <subfield code="B">GND-118988042</subfield>
    <subfield code="C">024</subfield>
  </datafield>
  <datafield tag="GPN" ind1="1" ind2=" ">
    <subfield code="a">Singh, Vijaypal</subfield>
    <subfield code="d">1923-</subfield>
    <subfield code="A">GND</subfield>
    <subfield code="B">GND-1073651207</subfield>
    <subfield code="C">400</subfield>
  </datafield>
  <datafield tag="GPN" ind1="0" ind2=" ">
    <subfield code="a">Vijayapālasiṃha</subfield>
    <subfield code="d">1923-</subfield>
    <subfield code="A">GND</subfield>
    <subfield code="B">GND-1073651207</subfield>
    <subfield code="C">400</subfield>
  </datafield>
  <datafield tag="GPN" ind1="1" ind2=" ">
    <subfield code="a">Siṃha, Vijaya Pāla</subfield>
    <subfield code="d">1923-</subfield>
    <subfield code="A">GND</subfield>
    <subfield code="B">GND-1073651207</subfield>
    <subfield code="C">400</subfield>
  </datafield>
  <datafield tag="GPN" ind1="1" ind2=" ">
    <subfield code="a">Singh, Vijay Pal</subfield>
    <subfield code="d">1923-</subfield>
    <subfield code="A">GND</subfield>
    <subfield code="B">GND-1073651207</subfield>
    <subfield code="C">400</subfield>
  </datafield>
  <datafield tag="GPN" ind1="0" ind2=" ">
    <subfield code="9">U:Deva</subfield>
    <subfield code="a">विजयपालसिंह</subfield>
    <subfield code="d">1923-</subfield>
    <subfield code="A">GND</subfield>
    <subfield code="B">GND-1073651207</subfield>
    <subfield code="C">400</subfield>
  </datafield>
  <datafield tag="GPN" ind1="1" ind2=" ">
    <subfield code="9">U:Deva</subfield>
    <subfield code="a">सिंह, विजय पाल</subfield>
    <subfield code="d">1923-</subfield>
    <subfield code="A">GND</subfield>
    <subfield code="B">GND-1073651207</subfield>
    <subfield code="C">400</subfield>
  </datafield>
  <datafield tag="GSI" ind1="7" ind2=" ">
    <subfield code="a">1073651207</subfield>
    <subfield code="0">http://d-nb.info/gnd/1073651207</subfield>
    <subfield code="2">gnd</subfield>
    <subfield code="A">GND</subfield>
    <subfield code="B">GND-1073651207</subfield>
    <subfield code="C">024</subfield>
  </datafield>
</record>
